<record><leader>00000cas a2200000 a 4500</leader><controlfield tag="001">45216865</controlfield><controlfield tag="008">001024u188uuuuumiuwr n       0    0eng c</controlfield><datafield ind1=" " ind2=" " tag="010"><subfield code="a">sn 00062726 </subfield></datafield><datafield ind1=" " ind2=" " tag="040"><subfield code="a">MHN</subfield><subfield code="b">eng</subfield><subfield code="c">MHN</subfield><subfield code="d">OCL</subfield><subfield code="d">OCLCQ</subfield><subfield code="d">OCLCF</subfield><subfield code="d">OCLCO</subfield></datafield><datafield ind1="1" ind2=" " tag="029"><subfield code="a">AU@</subfield><subfield code="b">000022026396</subfield></datafield><datafield ind1=" " ind2=" " tag="042"><subfield code="a">pcc</subfield></datafield><datafield ind1=" " ind2=" " tag="043"><subfield code="a">n-us-mi</subfield></datafield><datafield ind1="0" ind2=" " tag="130"><subfield code="a">Van Buren County Democrat (Bangor, Mich.)</subfield></datafield><datafield ind1="1" ind2="0" tag="245"><subfield code="a">Van Buren County Democrat.</subfield></datafield><datafield ind1=" " ind2=" " tag="260"><subfield code="a">Bangor, Mich. :</subfield><subfield code="b">J.G. Jennigs</subfield></datafield><datafield ind1=" " ind2=" " tag="300"><subfield code="a">v.</subfield></datafield><datafield ind1=" " ind2=" " tag="310"><subfield code="a">Weekly</subfield></datafield><datafield ind1=" " ind2=" " tag="588"><subfield code="a">Description based on: Vol. 4, no. 38 (July 5, 1889).</subfield></datafield><datafield ind1=" " ind2="0" tag="651"><subfield code="a">Bangor (Mich.)</subfield><subfield code="v">Newspapers.</subfield></datafield><datafield ind1=" " ind2="0" tag="651"><subfield code="a">Van Buren County (Mich.)</subfield><subfield code="v">Newspapers.</subfield></datafield><datafield ind1=" " ind2="7" tag="655"><subfield code="a">Newspapers.</subfield><subfield code="2">fast</subfield><subfield code="0">(OCoLC)fst01423814</subfield></datafield><datafield ind1=" " ind2="7" tag="651"><subfield code="a">Michigan</subfield><subfield code="z">Bangor.</subfield><subfield code="2">fast</subfield><subfield code="0">(OCoLC)fst01882109</subfield></datafield><datafield ind1=" " ind2="7" tag="651"><subfield code="a">Michigan</subfield><subfield code="z">Van Buren County.</subfield><subfield code="2">fast</subfield><subfield code="0">(OCoLC)fst01213240</subfield></datafield><datafield ind1=" " ind2=" " tag="752"><subfield code="a">United States</subfield><subfield code="b">Michigan</subfield><subfield code="c">Van Buren</subfield><subfield code="d">Bengor.</subfield></datafield></record>